@misc{wolfram,
	HOWPUBLISHED = {\url{http://www.wolframalpha.com}},
	urldate = {2019-05-05},
}

@misc{stellarium,
	HOWPUBLISHED = {\url{http://kosmoved.ru/nebo_segodnya_geo.php?lang=eng&m=sky-map-online}},
	AUTHOR = {Nickolay Krina},
	TITLE = {Sky Map Online},	
	urldate = {Accessed on 2019-04-29}
}

@misc{wolfram_long,
	HOWPUBLISHED = {\url{https://www.wolframalpha.com/input/?i=(%CF%80%2B2arcsin((%E2%88%9A(9-x%5E2))%2F(2%E2%88%9A(2)))-6arcsin(%E2%88%9A(9-x%5E2)%2F(2%E2%88%9A(2)x)))%2F(4arcsin((%E2%88%9A(4-x%5E2)%2F(x%E2%88%9A3)))-2arcsin((%E2%88%9A(4-x%5E2)%2F(%E2%88%9A3))))+-1.213+%3D+0}},
	urldate = {2019-06-05},
}