@electronic{wolfram,
	URL = {http://www.wolframalpha.com},
	AUTHOR = {Stephen Wolfram},
	TITLE = {Wolfram{$\vert$}Alpha: Computational Intelligence},
	YEAR = {2019},
	MONTH = jun,
	DAY = {05}
}

@electronic{stellarium,
	URL = {http://kosmoved.ru/nebo_segodnya_geo.php?lang=eng&m=sky-map-online},
	AUTHOR = {Nickolay Krina},
	TITLE = {Sky Map Online},	
	YEAR = {2019},
	MONTH = apr,
	DAY = {29}
}

@electronic{gimp,
	URL = {https://www.gimp.org/},
	AUTHOR = {Spencer Kimball and Peter Mattis and others},
	TITLE = {GNU Image Manipulation Program},
	YEAR = {2019},
	MONTH = may,
	DAY = {04}
}

@article{Walker,
	author = {Walker, Jearl},
	year = {1976},
	month = jan,
	number = {5},
	title = {Multiple Rainbows from Single Drops of Water and Other Liquids},
	volume = {44},
	journal = {American Journal of Physics},
	doi = {10.1119/1.10172}
}

@article{Gladstone,
	author = {Rosen, Joseph S.},
	year = {1947},
	month = jun,
	title = {The Refractive Indices of Alcohol, Water, and Their Mixtures at High Pressures},
	journal = {Journal of the Optical Society of America},
	publisher = {OSA},
	volume = {37},
	number = {11},
	pages = {932 - 938},
	doi = {10.1364/JOSA.37.000932}
}

@article{ice,
	author = {Voitkovskii, K. F.},
	year = {1960},
	title = {The Mechanical properties of ice (Mekhanicheskie svoistva l'da)},
	journal = {Gidrokhimicheskie Materialy},
	publisher = {Izd. Akademii nauk SSSR},
	address = {Moscow}
}